4498 6464
843 776 908 843 Die
929 799 1007 843 neue
1029 779 1309 860 licius-Epibome.
1733 788 1775 851 49

381 957 459 1030 τούς
489 977 523 1019 το
550 959 734 1038 χρωμένους
765 955 811 1034 ol,
841 948 929 1019 31131
957 956 1012 1019 καὶ
1043 954 1126 1039 πρὸς
1157 953 1196 1021 τὰ
1226 954 1363 1023 ὀθνεῖον
1393 954 1434 1023 τό
1462 982 1497 1024 το
1523 956 1774 1045 πολεμιώτατον

380 1057 501 1143 ἀκριβῆ
520 1061 680 1135 ἐκέκτητο.

468 1182 503 1248 Ζ.
524 1183 672 1247 95-97:
701 1180 775 1245 Per.
798 1181 829 1247 S.
851 1183 892 1246 53
922 1180 956 1245 Z.
979 1184 1123 1265 13—23,
1153 1184 1218 1249 bes
1242 1183 1277 1249 Z.
1297 1184 1395 1249 leh:
1426 1208 1507 1269 eune,
1534 1191 1618 1252 31331
1639 1186 1775 1275 (831313)

375 1286 591 1369 praedixerat,
613 1287 705 1367 13333
725 1285 916 1368 fimaturam
937 1291 1016 1350 33331
1037 1287 1201 1352 Roruanus
1221 1290 1378 1352 eemeitus
1400 1294 1429 1353 et
1451 1290 1553 1355 duae
1575 1291 1715 1358 cobortes
1736 1296 1775 1358 ab

378 1390 464 1455 133313
483 1389 707 1467 obsiderentur,
731 1410 801 1453 eum
812 1390 927 1470 paucis
941 1391 1079 1471 equitum
1098 1393 1212 1455 turmis
1225 1394 1262 1456 in
1275 1391 1393 1455 saltum
1406 1412 1552 1458 reversare
1574 1394 1630 1459 lib
1639 1399 1775 1461 orauit

379 1517 434 1561 eas
457 1502 487 1561 et
508 1494 679 1560 incolumes
700 1493 837 1577 redusit,
859 1495 1125 1579 Pseudo-Victor,
1148 1494 1445 1563 caeruleae:
1469 1498 1604 1586 (Scipio)
1628 1501 1775 1565 tribunus

378 1603 414 1665 in
428 1601 545 1682 Africa
566 1600 623 1663 sub
640 1598 674 1663 T.
689 1597 830 1664 Manilio
845 1600 1034 1680 imperatore
1055 1606 1142 1664 aeto
1165 1602 1306 1666 cobortes
1320 1601 1479 1667 obsidione
1493 1603 1630 1668 vallatas
1645 1603 1775 1669 oonsilio

378 1712 408 1771 et
439 1708 596 1771 uirtute
618 1706 771 1781 serooed,
803 1725 824 1766 a
847 1706 961 1786 quibus
983 1726 1098 1771 333333
1120 1705 1312 1771 obsidionali
1334 1728 1433 1772 aureo
1456 1708 1608 1788 donatus,
1640 1708 1774 1789 Plinius,
1862 1746 1869 1763 ·

378 1814 420 1878 H.
438 1814 479 1877 N.
502 1811 604 1876 XXII
622 1812 671 1875 13.
717 1811 786 1877 Das
801 1810 973 1877 Genauere
988 1811 1110 1877 wieder
1125 1813 1178 1878 bei
1192 1812 1331 1897 Appian,
1354 1815 1423 1879 lib.
1442 1817 1617 1880 lou-104
1633 1815 1775 1898 Anfang,

378 1937 506 1985 woraus
528 1918 590 1984 wir
613 1918 757 2000 ersehen,
780 1918 855 1982 dass
878 1917 930 1982 die
954 1919 1145 1984 erwahnten
1168 1921 1344 2001 Vorgunge
1367 1920 1420 1985 hei
1443 1921 1602 2001 Nepheris
1625 1922 1694 1987 sich
1718 1922 1775 1988 ah·

376 2026 525 2107 spielten.
570 2023 663 2089 Naeh
691 2042 716 2088 3.
744 2026 806 2089 103
838 2024 972 2091 werden
1000 2025 1084 2091 vier
1111 2026 1273 2091 Cohorten
1301 2027 1359 2091 der
1381 2026 1501 2092 Rbmer
1532 2026 1631 2112 (Penz
1666 2029 1775 2111 zuei,

376 2132 519 2197 Plinius:
552 2130 661 2214 drei,
684 2129 953 2196 Pseudo-Victor:
986 2130 1090 2216 aoht)
1114 2151 1178 2199 von
1202 2131 1389 2199 Hasdrubal
1421 2133 1679 2216 eingeschlossen
1709 2137 1775 2200 und

376 2258 439 2305 von
455 2237 562 2320 Scipio
578 2237 707 2303 heheit.
753 2237 837 2302 Eine
853 2237 1063 2320 allgemeiner
1078 2238 1253 2320 gehaltene
1269 2239 1472 2323 Anspielnng
1492 2240 1550 2306 auf
1565 2240 1618 2305 die
1632 2240 1772 2306 Helden-

375 2346 493 2410 thaten
516 2346 573 2410 des
595 2344 870 2426 Kriegstribunen
893 2344 1000 2425 Scipio
1023 2345 1083 2410 hat
1106 2346 1190 2411 anch
1213 2346 1349 2428 Eutrop.
1373 2347 1421 2413 IV
1439 2348 1489 2411 10.
1506 2350 1534 2413 3.

465 2469 499 2534 Z.
520 2470 690 2534 98—100:
721 2467 794 2533 Per.
818 2467 849 2533 S.
866 2470 908 2532 53
933 2468 966 2533 Ζ.
988 2468 1108 2535 28-3.
1126 2471 1166 2533 54
1191 2469 1225 2533 Ζ.
1244 2471 1301 2550 14,
1332 2468 1397 2552 vgl.
1421 2471 1620 2537 namenthch
1643 2471 1677 2536 Ζ.
1695 2473 1773 2537 (111;

376 2573 505 2655 compl
512 2593 613 2637 3333
634 2572 713 2637 druos
732 2571 807 2653 1111
814 2591 856 2636 33
873 2577 1092 2652 praetentatos
1114 2578 1144 2637 et
1158 2572 1322 2653 Sulpi<m>
1338 2572 1430 2639 Galli
1447 2575 1558 2655 filium,
1582 2577 1674 2641 euius
1689 2580 1774 2640 tutor

376 2684 462 2758 erat,
494 2684 542 2743 113
572 2676 798 2743 miserabiliter
824 2698 884 2759 pro
915 2699 949 2743 se
981 2679 1102 2744 1333133
1131 2684 1178 2743 est
1204 2683 1240 2744 ut
1271 2680 1393 2761 3333113
1424 2683 1655 2761 antiquaretur.
1701 2682 1773 2766 Cic,

376 2785 503 2849 Brutus
534 2785 680 2850 89-90:
716 2791 780 2849 tum
811 2789 912 2867 131133
942 2785 1062 2862 <31131>
1093 2803 1246 2849 recusans
1278 2784 1383 2850 Galba
1410 2806 1472 2867 pro
1503 2807 1571 2851 3333
1603 2794 1633 2851 31
1661 2788 1775 2870 populi

376 2889 515 2953 Romani
532 2888 626 2969 eum
647 2888 830 2969 implorans,
855 2910 924 2953 eum
946 2909 1020 2953 3333
1037 2909 1163 2970 pueros,
1187 2894 1252 2953 tum
1269 2887 1302 2953 0.
1320 2887 1411 2953 Galli
1429 2892 1525 2953 etiam
1537 2889 1640 2969 filium
1661 2892 1683 2972 f
1685 2892 1774 2957 1333
1904 2881 1907 2887 ’

376 2992 659 3070 commendabat,
675 2992 804 3057 deerat.
820 2994 1024 3058 laur-228
1042 2992 1118 3078 (pro
1130 2993 1272 3058 Murena
1284 2993 1350 3077 59),
1366 2994 1510 3059 demach
1526 2995 1603 3060 oder
1618 2998 1703 3061 nach
1715 2999 1773 3062 der

375 3100 490 3183 Qnelle
509 3101 638 3166 Ciceros
661 3100 733 3165 Val.
749 3100 837 3165 Max,
853 3101 937 3165 VIII
954 3104 981 3165 1.
998 3100 1105 3165 Absol.
1122 3102 1158 3164 2:
1182 3119 1278 3165 reus
1289 3121 1351 3181 pro
1373 3120 1407 3165 33
1428 3102 1496 3165 iam
1518 3101 1601 3167 31111
1622 3121 1773 3166 recusans

370 3204 524 3287 paruulos
545 3204 661 3270 liberos
681 3224 755 3269 3333
777 3203 914 3269 31113111
935 3206 1089 3287 sanquine
1110 3205 1174 3269 sibi
1196 3207 1394 3268 coniunctum
1410 3204 1514 3284 1111333
1535 3205 1648 3286 flens
1670 3226 1770 3269 eom-

375 3308 566 3373 mendara
585 3311 685 3389 333311
699 3329 793 3390 eoque
806 3309 890 3389 sacto
905 3311 1051 3391 31113313
1066 3308 1208 3371 33311333
1222 3309 1429 3388 3313331333
1444 3310 1772 3388 33333333333113333

375 3420 444 3478 erat
468 3436 570 3496 33333
597 3414 718 3478 nullium
748 3417 839 3480 triste
866 3414 1054 3495 suffrapinm
1077 3414 1187 3478 babuit
1209 3411 1307 3498 (auch
1331 3412 1415 3477 VIII
1431 3415 1459 3477 7.
1478 3412 1527 3494 1);
1558 3413 1623 3496 vgl.
1647 3413 1773 3478 Gellius

375 3519 467 3587 112.
497 3522 536 3585 17
569 3520 686 3605 (Stelle
718 3538 777 3586 aus
809 3520 907 3585 Cetos
939 3520 1029 3585 Rede
1060 3538 1165 3602 gegen
1198 3519 1336 3604 Galba),
1368 3518 1440 3586 Liv.
1468 3520 1619 3585 XXXIX
1642 3521 1693 3585 40.
1721 3523 1771 3585 12.

375 3628 632 3693 Pseudo-Victor
654 3629 705 3691 47.
724 3628 752 3691 7.
798 3626 884 3709 Tac,
907 3630 991 3691 Ann.
1014 3627 1135 3709 11166,
1159 3626 1298 3708 Appian,
1321 3623 1351 3688 J
1351 3628 1377 3690 b.
1401 3627 1444 3690 10
1468 3627 1568 3692 Ende.

464 3751 498 3816 z.
524 3753 722 3816 roo-102:
756 3746 829 3813 Per.
861 3750 892 3816 s.
917 3752 959 3815 54
991 3750 1025 3815 3.
1051 3751 1177 3816 14-3.
1202 3752 1243 3814 55
1277 3749 1310 3814 z.
1336 3752 1394 3814 11:
1435 3736 1613 3815 3333313
1644 3749 1772 3831 qimam

374 3855 504 3921 ultimae
533 3857 629 3920 sortis
656 3853 744 3919 113333
766 3853 915 3920 Persei
936 3858 1048 3938 repis
1069 3875 1111 3919 33
1131 3855 1273 3935 filium
1294 3855 1436 3935 ferens
1457 3859 1488 3917 et
1508 3860 1627 3919 mutato
1647 3858 1772 3919 nomine

375 3958 603 4041 Philippus
633 3964 761 4023 uocatus
789 4008 796 4023 .
820 4009 826 4021 .
850 4010 886 4021 ..
917 3963 1075 4022 contracto
1105 3961 1244 4022 33333113
1273 3963 1370 4021 totam
1399 3956 1685 4022 Macedoniam
1715 3964 1771 4022 aut

374 4064 531 4128 voluntate
552 4064 755 4129 insolentiam
778 4070 834 4129 331
857 4065 987 4129 armis
1009 4066 1238 4144 occupauit.
1285 4063 1430 4128 Velleius
1453 4064 1470 4127 I
1492 4066 1541 4127 11.
1565 4066 1599 4128 l:
1632 4062 1769 4128 Pseudo·

370 4168 537 4250 philippus
566 4191 587 4233 a
617 4167 777 4234 mendacio
806 4168 974 4232 simulatae
996 4170 1131 4249 33131313
1152 4167 1344 4249 appellatus,
1374 4170 1484 4248 quise
1506 4166 1692 4248 Pbib'ppum
1721 4188 1770 4230 ro-

371 4274 503 4353 3133333
524 4274 638 4353 stirpis
664 4271 845 4351 ferebat,
879 4292 947 4335 eum
969 4274 1049 4335 33331
1070 4271 1215 4349 31113333,
1247 4272 1376 4334 armis
1405 4275 1605 4351 occupata
1632 4271 1769 4334 Maee-

374 4374 396 4436 d
403 4378 499 4440 onia
523 4383 583 4442 etc.
622 4378 757 4457 Eutrop.
774 4377 821 4441 IV
839 4379 888 4459 13,
912 4377 1052 4459 Appiae,
1067 4378 1136 4441 lib.
1154 4380 1233 4457 111;
1257 4395 1316 4441 zur
1331 4375 1450 4441 Sache:
1473 4374 1586 4456 Polyb.
1603 4375 1769 4440 XXXVII

375 4485 403 4547 2.
420 4484 450 4566 4,
473 4482 595 4548 Diodor
617 4482 734 4547 XXXI
750 4485 832 4564 403,
856 4483 991 4547 XXXII
1009 4485 1058 4566 15,
1082 4483 1227 4548 Zonaras
1243 4482 1293 4547 IX
1309 4484 1361 4546 28.
1378 4483 1473 4565 2-3‚
1496 4481 1589 4546 Boiss
1605 4482 1622 4545 I
1640 4482 1671 4547 S.
1688 4485 1769 4549 312:

376 4583 437 4664 τήν
458 4586 493 4650 bi
515 4587 730 4651 Μακεδονίαν
754 4582 939 4669 Ἀνδρίσκος
961 4609 1010 4661 τις
1033 4588 1064 4662 ἐξ
1081 4584 1323 4670 Ἀτραμοττίοο
1346 4586 1417 4672 φύς,
1448 4582 1688 4669 331113333ῖὸ
1715 4591 1769 4669 ἐμ-

373 4685 472 4774 φερὴς
496 4689 535 4755 τὸ
558 4686 641 4763 sidon
663 4685 834 4774 γενόμενος
853 4692 909 4753 καὶ
933 4699 1031 4763 παῖς
1054 4686 1166 4754 εἶναι
1190 4691 1355 4753 ἐκείνου
1376 4684 1678 4772 πλαττόμενος
1701 4692 1768 4754 καὶ

379 4791 601 4858 Φίλιππον
623 4789 778 4858 ἑαυτὸν
801 4787 1021 4875 ὀνομάζων
1044 4795 1095 4856 lai
1120 4796 1275 4857 πλεῖστον
1297 4790 1596 4869 3313333331.

462 4908 496 4971 Ζ.
515 4910 705 4974 103-105;
737 4909 807 4973 Per.
832 4910 874 4971 49
898 4907 928 4972 S.
947 4908 987 4971 52
1012 4907 1210 4971 hle-21:
1235 4907 1303 4971 ludi
1326 4905 1400 4971 Diti
1417 4910 1510 4988 patri
1532 4906 1575 4970 ad
1597 4908 1767 4971 Tarentum

373 5034 411 5075 33
439 5019 607 5095 praecepto
640 5014 792 5077 librorum
822 5016 917 5095 faeti,
951 5017 1006 5095 qui
1037 5020 1110 5077 3313
1138 5013 1236 5098 (fehlt
1262 5013 1297 5076 in
1324 5013 1396 5096 NP)
1424 5034 1541 5077 anuum
1570 5014 1766 5076 remesinum

369 5118 474 5196 perimo
489 5115 611 5181 Punico
634 5117 721 5195 bello,
744 5120 966 5200 quiapetesimo
988 5123 1018 5181 31
1039 5117 1139 5182 altero
1161 5138 1244 5183 auno
1268 5118 1307 5180 ab
1329 5117 1406 5181 urbe
1429 5115 1554 5180 condita
1572 5118 1653 5198 faeti
1668 5121 1767 5193 erant,

373 5221 548 5303 Censoris,
578 5223 616 5287 cle
639 5223 690 5288 die
712 5230 777 5288 nat.
804 5225 852 5287 17.
872 5225 928 5287 11:
961 5222 999 5287 de
1026 5228 1211 5304 quartorum
1238 5222 1382 5286 ludorum
1410 5243 1493 5286 auno
1521 5222 1639 5302 1313133
1661 5222 1768 5301 opinio

372 5331 426 5389 331,
471 5328 590 5389 Antias
610 5330 693 5391 enim
715 5332 745 5390 et
771 5326 873 5390 Varro
900 5332 929 5389 et
951 5326 1000 5391 Li
1007 5329 1047 5391 oi
1054 5345 1099 5389 33
1127 5326 1245 5390 relatos
1267 5346 1333 5389 esse
1351 5324 1561 5406 prodiderunt
1582 5324 1619 5388 L.
1641 5324 1769 5387 Marcio

373 5428 546 5496 Censorino
570 5432 617 5495 M.
634 5432 775 5496 Manilio
799 5453 874 5497 3333,
895 5438 968 5515 3331
983 5433 1116 5496 Roriam
1140 5429 1297 5495 conditam
1320 5452 1403 5495 anno
1426 5430 1528 5495 DCV.
1567 5430 1657 5493 Naeh
1679 5429 1769 5494 einer

371 5536 510 5601 aweiten
534 5536 606 5623 (der
628 5537 805 5621 richtigen)
821 5538 959 5603 Ansicht.
975 5538 1045 5621 (der
1068 5538 1124 5601 des
1140 5537 1224 5619 Piso,
1248 5536 1373 5601 Gellius
1392 5537 1458 5600 und
1475 5536 1604 5600 Cassius
1620 5535 1768 5617 Hemina,

415 5657 608 5711 Kornemnnn,
622 5659 665 5700 Dte
680 5670 737 5700 neue
751 5658 952 5712 LiviusEpitomn.
1539 5642 1557 5693 4
