4498 6464
467 710 510 776 40
1024 711 1065 776 Ε.
1088 711 1303 792 Kornemonn,

469 893 664 952 curaverunt.
710 890 773 955 Die
795 889 918 955 ielsche
942 889 1217 972 Konsulnangabe
1240 890 1285 956 ist
1307 891 1393 958 wohl
1416 894 1518 959 daher
1546 897 1757 979 entstondem
1785 898 1859 963 dass

469 993 522 1059 boi
544 995 616 1063 Liv.
641 999 692 1062 42.
717 999 736 1061 2
760 996 882 1063 bereits
905 997 958 1064 die
980 997 1193 1063 Konsnlwahl
1216 997 1269 1063 fiir
1293 997 1434 1084 somer
1460 1000 1519 1066 mit
1541 1000 1680 1084 Angabe
1703 1004 1760 1067 der
1782 1022 1859 1070 neu·

469 1103 656 1183 gewiihlten
678 1104 842 1172 berichtet
864 1104 955 1171 wird.

557 1210 592 1276 Z.
617 1213 676 1276 24:
707 1211 919 1278 Konsulwehl
942 1211 1014 1278 Liv.
1039 1213 1089 1276 42.
1115 1214 1151 1278 2:
1182 1215 1282 1276 neoti
1305 1212 1353 1277 Μ.
1377 1212 1536 1279 Aemilius
1558 1213 1699 1296 Lepidus
1722 1213 1757 1280 G.
1780 1215 1860 1281 Flu-

469 1317 595 1380 minius.
641 1318 826 1385 Cassiodor:
849 1316 898 1381 Μ.
921 1316 1062 1398 cepnae
1084 1321 1114 1380 et
1137 1314 1171 1381 (l.
1194 1316 1380 1383 Flaminius
1401 1318 1582 1407 (5671187).

557 1424 592 1490 Ζ.
614 1426 760 1492 25-27:
783 1425 855 1492 Liv.
873 1426 1013 1507 50-53,
1037 1424 1102 1507 vgl.
1119 1426 1169 1490 50.
1187 1426 1223 1491 5:
1246 1422 1284 1489 P.
1307 1424 1451 1506 Scipioni
1474 1427 1638 1508 Africano,
1661 1434 1698 1493 ut
1714 1427 1860 1495 Valerius

470 1530 589 1593 Antias
610 1536 721 1596 auctor
743 1535 796 1609 est,
820 1530 882 1595 duo
906 1531 939 1612 Q.
962 1529 1087 1595 Petillii
1108 1530 1190 1595 diem
1213 1531 1362 1595 dicerunt
1385 1531 1464 1617 (vgl.
1490 1533 1539 1598 56.
1564 1535 1601 1600 2;
1625 1534 1686 1599 alii
1706 1533 1752 1599 M.
1774 1534 1858 1599 Nae·

469 1639 564 1718 oium,
588 1636 648 1705 alii
669 1637 817 1704 Petillios
838 1638 919 1703 diem
943 1639 1063 1704 dimisse
1085 1637 1254 1723 scribunt),
1279 1639 1329 1702 52.
1355 1641 1390 1705 l:
1427 1637 1478 1703 dic
1502 1639 1639 1724 lonqiore
1659 1637 1804 1720 prodicta
1825 1642 1861 1704 in

470 1741 671 1810 Litermnum
694 1744 780 1831 (Hss.
805 1748 905 1813 euch:
936 1744 1115 1831 Liternum)
1138 1746 1352 1809 concessit.
1398 1748 1448 1812 52.
1472 1748 1508 1813 9;
1536 1747 1683 1811 tribunus
1701 1745 1805 1826 plebis
1827 1764 1861 1808 eo

472 1854 609 1930 tempore
630 1851 678 1915 Ti.
700 1853 907 1934 Sempronius
933 1849 1097 1916 Graecinus
1118 1855 1188 1915 erat
1210 1899 1288 1915 ....
1310 1854 1355 1929 is,
1380 1871 1449 1916 cum
1471 1854 1618 1917 uetuisset
1639 1872 1750 1917 nomen
1770 1871 1862 1915 suum

470 1952 592 2019 decreto
627 1955 814 2040 eolleqarum
848 1955 1005 2035 adscribi,
1043 1956 1273 2036 tristioremque
1301 1975 1407 2019 omnes
1439 1958 1623 2021 senteutiam
1653 1959 1861 2037 expectarent,

470 2061 517 2124 ita
539 2058 691 2125 demovit:
722 2081 791 2124 eum
813 2060 849 2123 L.
871 2059 979 2140 Scipio
1001 2062 1180 2123 semesasset
1201 2059 1339 2122 morbum
1362 2078 1479 2124 causae
1500 2079 1566 2125 csse
1587 2060 1700 2142 fratri,
1724 2061 1805 2124 satis
1824 2059 1861 2123 id

470 2165 533 2229 sibi
553 2163 671 2242 cideri3
692 2184 726 2229 se
747 2162 784 2228 P.
803 2162 991 2245 Scipionem,
1009 2163 1197 2243 priusquam
1219 2161 1350 2226 Romam
1373 2161 1513 2242 redisset,
1537 2164 1685 2228 acmosari
1705 2182 1768 2227 non
1785 2182 1862 2244 pas-

469 2289 580 2333 surum
603 2269 682 2355 (vgl.
706 2268 832 2335 Gellius
858 2267 899 2332 N.
922 2266 963 2329 A
987 2267 1034 2333 lV
1053 2268 1103 2332 18.
1128 2266 1212 2352 31.)
1257 2264 1328 2330 Per.
1352 2270 1393 2333 38
1418 2268 1448 2334 S.
1473 2272 1513 2333 41
1538 2269 1573 2333 Ζ.
1598 2271 1724 2335 5-17;
1754 2268 1862 2350 Scipio

340 2395 346 2405 ·
471 2372 648 2454 Africanus
678 2373 742 2439 die
771 2375 802 2439 ci
829 2372 872 2438 di
879 2377 962 2451 cta,
991 2376 1027 2435 ut
1057 2369 1186 2457 quidam
1214 2370 1361 2452 tradunt,
1392 2395 1413 2438 a
1446 2374 1479 2455 Q.
1507 2372 1637 2439 Petillia
1667 2372 1716 2456 [P.
1746 2370 1863 2437 Petilio

472 2479 542 2562 NP3
566 2480 631 2562 vgl.
646 2479 824 2561 Rossbach,
846 2475 906 2541 th.
922 2476 1009 2541 Mus.
1034 2479 1076 2541 44
1099 2476 1130 2543 S.
1148 2476 1204 2561 84)
1228 2480 1266 2539 tr.
1285 2476 1341 2557 pl,
1363 2481 1400 2540 ut
1422 2477 1560 2560 quidam,
1584 2498 1605 2540 a
1627 2477 1758 2556 Naeuio,
1782 2475 1864 2558 quod

470 2584 593 2666 praeda
621 2606 660 2649 eu
683 2582 837 2651 Antiocho
867 2588 961 2664 copta
1001 2585 1164 2648 amorium
1190 2583 1387 2666 fraudasset,
1420 2588 1589 2665 postquam
1617 2585 1647 2648 is
1675 2582 1743 2647 dies
1772 2584 1862 2661 uenit,

473 2694 616 2755 euocatus
636 2692 673 2754 in
692 2694 816 2754 rostra:
844 2686 924 2766 „leae
938 2684 1016 2765 die“,
1037 2688 1150 2768 inquit,
1175 2687 1340 2769 „Quirites
1363 2686 1586 2769 Cartbaqinem
1608 2688 1690 2750 oici“
1711 2691 1741 2751 et
1760 2705 1866 2768 prose·

472 2797 583 2876 quondo
608 2792 725 2876 populo
759 2790 954 2873 Capitolium
983 2790 1121 2856 escendit
1143 2791 1186 2877 (N
1191 2796 1220 2876 ¹,
1251 2792 1392 2859 ascendit
1415 2792 1511 2878 Nee).
1556 2791 1629 2856 inde
1659 2810 1698 2854 ue
1728 2789 1866 2871 amplius

473 2899 654 2964 tribuniciis
675 2901 807 2964 iniuriis
836 2903 1018 2977 venaretur,
1050 2897 1322 2963 involuntarium
1344 2899 1474 2966 omilium
1505 2898 1684 2985 (liternum
1715 2895 1810 2985 [fehlt
1832 2895 1866 2960 in

473 3003 557 3093 ΝΡ)
573 3006 793 3070 concessit.
839 3006 993 3070 incertum
1015 3005 1062 3069 ibi
1084 3026 1128 3070 an
1142 3003 1262 3068 Romae
1284 3002 1451 3088 defunctus
1464 3009 1525 3087 sit‚·
1546 3024 1622 3068 narn
1637 3006 1866 3067 monumentum

474 3113 543 3176 eius
563 3109 728 3190 utrobique
750 3108 823 3193 fuit.
868 3110 904 3174 L.
927 3110 1034 3193 Scipio
1051 3112 1217 3176 Asiaticus
1237 3100 1343 3192 frater,
1360 3113 1515 3194 Africani
1536 3109 1639 3176 eodem
1662 3107 1792 3173 erimine
1811 3126 1866 3187 pe·

475 3214 597 3281 culatus
620 3217 787 3277 accusatus
808 3211 1035 3296 damnatusque
1058 3235 1126 3279 cum
1148 3217 1184 3279 in
1205 3213 1331 3279 vincula
1354 3221 1384 3278 et
1407 3235 1563 3279 carcerem
1586 3212 1766 3288 duceretur,
1798 3208 1864 3273 Tib.

473 3319 679 3400 Sempronius
702 3315 867 3382 Gracelem
888 3322 926 3381 tr.
944 3318 1007 3399 pl,
1029 3321 1085 3399 qui
1106 3323 1201 3383 antea
1223 3316 1424 3399 Scipionibus
1445 3321 1594 3383 inimicus
1615 3320 1700 3392 erat,
1729 3315 1864 3378 inter·

475 3425 602 3488 cessit
633 3424 663 3483 et
693 3420 729 3485 ob
759 3418 795 3483 id
825 3421 1004 3502 beneficium
1038 3423 1192 3505 Africani
1224 3424 1325 3505 filiam
1357 3421 1448 3487 ducit
1487 3422 1566 3510 (vgl.
1597 3421 1709 3487 hicrzu
1739 3417 1865 3485 Gellius

475 3529 523 3594 VI
541 3531 581 3593 19
606 3529 671 3594 und
694 3529 885 3611 Mommsen,
915 3526 1003 3591 Rbm.
1027 3528 1155 3593 Forsclt.
1178 3530 1213 3596 H
1230 3531 1293 3595 469
1325 3530 1364 3596 Α.
1391 3532 1471 3614 103,
1502 3532 1637 3596 Mimzer
1668 3528 1722 3594 bei
1744 3525 1864 3608 Pauly-

476 3636 637 3702 Wissowe
652 3636 700 3702 IV
715 3635 768 3718 Sp.
781 3634 926 3719 14751),
943 3636 1014 3702 Vel.
1026 3636 1113 3702 Max.
1130 3637 1183 3703 Ill
1199 3640 1227 3703 7.
1246 3640 1296 3721 le,
1316 3637 1342 3702 V
1359 3640 1387 3702 3.
1405 3639 1460 3722 21,
1476 3636 1741 3718 Pseudo-Victor,
1755 3632 1793 3696 de
1808 3632 1865 3694 air.

474 3739 595 3807 tusto.
621 3743 766 3808 16-18:
790 3761 811 3805 a
833 3740 949 3808 Petilio
965 3743 1059 3806 Ateio
1082 3742 1206 3807 tribuno
1225 3741 1330 3824 plebis
1351 3742 1596 3824 repetundarum
1619 3745 1787 3807 accusatus

474 3849 519 3911 in
540 3847 824 3912 uoluntarium
841 3847 1018 3911 cecilium
1041 3851 1264 3929 concessit,
1287 3847 1510 3929 ubireliquam
1533 3849 1595 3930 cpit
1616 3852 1757 3912 aetatem,
1802 3846 1864 3912 Die

476 3955 549 4021 Per.
573 3955 698 4019 stimmt
726 3955 787 4019 mit
816 3973 964 4021 unserem
989 3955 1074 4020 Text
1103 3954 1138 4019 iu
1168 3957 1230 4020 den
1253 3956 1390 4022 Worten
1422 3955 1472 4019 die
1494 3954 1579 4018 dieta
1601 3957 1667 4021 und
1689 3957 1865 4020 intercessit

477 4063 618 4145 bberein,
642 4062 789 4144 osgegen
811 4061 871 4128 hat
893 4061 940 4127 sie
964 4079 1022 4126 eus
1045 4062 1116 4126 dem
1133 4060 1280 4146 Origine]
1303 4063 1453 4127 concessit
1475 4061 1586 4147 (unser
1602 4063 1688 4129 Text
1710 4059 1789 4145 abit)
1814 4078 1863 4125 er·

476 4169 597 4236 hulten.
643 4167 833 4235 Auilullend
855 4169 899 4235 ist
922 4168 974 4234 die
996 4169 1110 4234 sterke
1125 4151 1443 4251 llbereinstimmuug
1466 4187 1529 4235 von
1544 4166 1616 4232 Per.
1639 4170 1704 4234 und
1724 4168 1863 4233 Pseudo·

477 4277 599 4360 Victor,
623 4294 682 4344 vor
705 4274 801 4341 ollem
824 4276 858 4341 in
881 4277 943 4341 deu
966 4276 1119 4342 Worten:
1142 4280 1178 4341 in
1199 4275 1410 4341 uoluntarium
1433 4273 1564 4338 cuilitnn
1587 4278 1743 4340 concessit.

566 4384 599 4449 Z.
625 4384 770 4449 27-28:
803 4383 874 4450 Liv.
900 4383 950 4448 55.
974 4386 1011 4466 4,
1036 4383 1087 4447 56.
1112 4384 1140 4448 8.
1166 4386 1223 4467 10,
1248 4383 1298 4447 57.
1322 4383 1359 4465 3,
1384 4382 1523 4464 58-60,
1546 4378 1620 4446 Por.
1644 4381 1675 4447 S.
1700 4385 1739 4446 41
1765 4382 1798 4447 Z.
1826 4384 1865 4446 12

477 4491 527 4557 bis
551 4493 601 4555 22.
647 4490 753 4556 Unser
775 4489 925 4572 Papyrus
955 4489 1046 4572 giebt
1069 4489 1123 4554 fin·
1153 4490 1205 4554 bie
1237 4489 1352 4555 beiden
1376 4488 1694 4571 Scipionenprozesse
1717 4488 1770 4554 die
1791 4488 1865 4555 livi·

478 4597 617 4679 onische,
641 4614 699 4661 aus
715 4596 867 4662 Valerius
882 4596 1001 4661 Antias
1024 4614 1231 4677 genommene
1255 4595 1506 4678 Hauptversion,
1530 4595 1594 4677 vgl.
1611 4595 1736 4661 Gellius
1759 4596 1808 4662 VI
1825 4597 1865 4660 19

477 4705 543 4770 und
566 4704 741 4770 Mommsen
765 4722 793 4768 a.
817 4722 845 4768 e.
869 4701 904 4768 Ο.
928 4704 958 4770 S.
983 4703 1167 4786 427-430,
1191 4721 1240 4769 wo
1265 4703 1347 4769 auch
1371 4702 1422 4768 die
1445 4702 1583 4784 iibrigen
1605 4701 1866 4768 Perellelstellen

478 4809 654 4893 engeiuhrt
677 4809 757 4875 sind.

1045 4943 1114 5007 Aus
1136 4943 1227 5008 Buch
1251 4945 1302 5008 39.

568 5067 601 5132 Z.
626 5067 774 5133 30-31:
807 5066 1086 5148 mv.c.1u.2;
1118 5066 1183 5149 vgl.
1210 5069 1236 5132 1.
1263 5069 1298 5132 l:
1334 5067 1475 5132 consedes
1496 5068 1608 5132 ambo
1635 5067 1672 5129 in
1694 5066 1866 5149 [teporibus

477 5172 625 5257 qerebant
648 5171 780 5237 bellum:
803 5176 831 5238 2.
856 5174 893 5238 6:
917 5171 967 5236 bis
989 5193 1106 5255 quoque
1125 5172 1393 5255 perdomitis,
1417 5176 1445 5237 2.
1462 5175 1498 5238 9:
1522 5174 1715 5238 subactis
1737 5172 1865 5253 cisAp·

477 5280 649 5360 penninum
672 5279 814 5343 omnibus
836 5283 900 5342 tum
927 5282 1182 5343 tranunontanos
1209 5275 1338 5341 adortus
1360 5328 1412 5340 ...
1435 5297 1540 5342 omnes
1561 5277 1718 5343 Aemilius
1739 5277 1866 5360 subepit.

480 5383 552 5449 Per.
577 5386 617 5449 39
650 5383 681 5449 S.
705 5386 743 5448 41
780 5384 814 5449 Ζ.
838 5386 897 5449 241
934 5384 982 5448 Μ.
1014 5383 1171 5449 Aemilius
1201 5382 1382 5467 (Aemulius
1409 5382 1452 5468 Ν)
1484 5402 1542 5447 cos.
1574 5382 1746 5464 liquribus
1775 5383 1867 5445 sub·

480 5495 566 5557 acti
573 5512 590 5555 s
612 5496 673 5556 etc.
718 5490 818 5557 Bcide
834 5489 1083 5573 Epitomutoren
1106 5490 1222 5556 lehnen
1238 5490 1305 5555 sich
1329 5489 1397 5555 also
1420 5490 1464 5554 im
1479 5490 1652 5555 Ansdruck
1674 5489 1773 5575 (Pers
1795 5491 1868 5555 sub·
